<record><leader>00000cas a2200000 a 4500</leader><controlfield tag="001">34296135</controlfield><controlfield tag="008">960301c19699999fludr ne      0    0eng c</controlfield><datafield ind1=" " ind2=" " tag="010"><subfield code="a">sn 96027188 </subfield></datafield><datafield ind1=" " ind2=" " tag="040"><subfield code="a">FUG</subfield><subfield code="b">eng</subfield><subfield code="c">FUG</subfield><subfield code="d">NYS</subfield><subfield code="d">OCLCQ</subfield><subfield code="d">OCLCF</subfield><subfield code="d">OCLCO</subfield></datafield><datafield ind1=" " ind2=" " tag="012"><subfield code="i">9603</subfield></datafield><datafield ind1="1" ind2=" " tag="029"><subfield code="a">AU@</subfield><subfield code="b">000013091308</subfield></datafield><datafield ind1=" " ind2=" " tag="032"><subfield code="a">122280</subfield><subfield code="b">USPS</subfield></datafield><datafield ind1=" " ind2=" " tag="037"><subfield code="b">1075 Central Ave., Naples, FL 33940</subfield></datafield><datafield ind1=" " ind2=" " tag="042"><subfield code="a">pcc</subfield></datafield><datafield ind1=" " ind2=" " tag="043"><subfield code="a">n-us-fl</subfield></datafield><datafield ind1="0" ind2="4" tag="245"><subfield code="a">The Naples daily news.</subfield></datafield><datafield ind1="1" ind2="7" tag="246"><subfield code="a">Collier County daily news</subfield></datafield><datafield ind1="1" ind2=" " tag="246"><subfield code="i">Section of Wednesday papers "serving the Marco Island area" called:</subfield><subfield code="a">Islander</subfield><subfield code="f">&lt;1984&gt;-1989</subfield></datafield><datafield ind1="1" ind2=" " tag="246"><subfield code="i">Ed. printed for Bonita Springs issued as:</subfield><subfield code="a">Bonita daily news</subfield><subfield code="f">&lt;1997&gt;</subfield></datafield><datafield ind1=" " ind2=" " tag="260"><subfield code="a">Naples, Fla. :</subfield><subfield code="b">Collier County Pub. Co.,</subfield><subfield code="c">1969-</subfield></datafield><datafield ind1=" " ind2=" " tag="300"><subfield code="a">v. :</subfield><subfield code="b">ill. (some col.) ;</subfield><subfield code="c">61 cm.</subfield></datafield><datafield ind1=" " ind2=" " tag="310"><subfield code="a">Daily,</subfield><subfield code="b">&lt;1993-1997&gt;</subfield></datafield><datafield ind1=" " ind2=" " tag="321"><subfield code="a">Daily (except Saturday),</subfield><subfield code="b">1969-</subfield></datafield><datafield ind1="0" ind2=" " tag="362"><subfield code="a">46th year, no. 171 (Feb. 7, 1969)-</subfield></datafield><datafield ind1=" " ind2=" " tag="588"><subfield code="a">Latest issue consulted: 74th year, no. 274 (Apr. 24, 1997).</subfield></datafield><datafield ind1=" " ind2="0" tag="651"><subfield code="a">Naples (Fla.)</subfield><subfield code="v">Newspapers.</subfield></datafield><datafield ind1=" " ind2="0" tag="651"><subfield code="a">Marco (Fla.)</subfield><subfield code="v">Newspapers.</subfield></datafield><datafield ind1=" " ind2="0" tag="651"><subfield code="a">Bonita Springs (Fla.)</subfield><subfield code="v">Newspapers.</subfield></datafield><datafield ind1=" " ind2="0" tag="651"><subfield code="a">Collier County (Fla.)</subfield><subfield code="v">Newspapers.</subfield></datafield><datafield ind1=" " ind2="7" tag="655"><subfield code="a">Newspapers.</subfield><subfield code="2">fast</subfield><subfield code="0">(OCoLC)fst01423814</subfield></datafield><datafield ind1=" " ind2="7" tag="651"><subfield code="a">Florida</subfield><subfield code="z">Bonita Springs.</subfield><subfield code="2">fast</subfield><subfield code="0">(OCoLC)fst01215620</subfield></datafield><datafield ind1=" " ind2="7" tag="651"><subfield code="a">Florida</subfield><subfield code="z">Collier County.</subfield><subfield code="2">fast</subfield><subfield code="0">(OCoLC)fst01215459</subfield></datafield><datafield ind1=" " ind2="7" tag="651"><subfield code="a">Florida</subfield><subfield code="z">Marco.</subfield><subfield code="2">fast</subfield><subfield code="0">(OCoLC)fst01224068</subfield></datafield><datafield ind1=" " ind2="7" tag="651"><subfield code="a">Florida</subfield><subfield code="z">Naples.</subfield><subfield code="2">fast</subfield><subfield code="0">(OCoLC)fst01213255</subfield></datafield><datafield ind1=" " ind2=" " tag="752"><subfield code="a">United States</subfield><subfield code="b">Florida</subfield><subfield code="c">Collier</subfield><subfield code="d">Naples.</subfield></datafield><datafield ind1=" " ind2=" " tag="752"><subfield code="a">United States</subfield><subfield code="b">Florida</subfield><subfield code="c">Collier</subfield><subfield code="d">Marco.</subfield></datafield><datafield ind1=" " ind2=" " tag="752"><subfield code="a">United States</subfield><subfield code="b">Florida</subfield><subfield code="c">Collier</subfield><subfield code="d">Bonita Springs.</subfield></datafield><datafield ind1="0" ind2=" " tag="770"><subfield code="t">Marco Islander</subfield><subfield code="g">1989-&lt;1997&gt;</subfield><subfield code="w">(DLC)sn 97027767</subfield><subfield code="w">(OCoLC)36858987</subfield></datafield><datafield ind1="0" ind2="0" tag="780"><subfield code="t">Daily news (Naples, Fla.)</subfield><subfield code="w">(DLC)sn 96027187</subfield><subfield code="w">(OCoLC)34296134</subfield></datafield><datafield ind1=" " ind2=" " tag="850"><subfield code="a">FU</subfield></datafield><datafield ind1="4" ind2=" " tag="856"><subfield code="z">Related internet site:</subfield><subfield code="u">http://www.naplesnews.com/</subfield></datafield></record>